@book{algorithmsfourth,
  title={Algorithms},
  author={Robert Sedgewick and Kevin Wayne},
  year={2011},
  publisher={Addison-Wesley},
  edition={4th}
}

@misc{longestpath,
    author = "",
    title = "Longest path problem --- {Wikipedia}{,} The Free Encyclopedia",
    year = "2024",
    url = "https://en.wikipedia.org/w/index.php?title=Longest_path_problem&oldid=1250833791",
    note = "[Online; accessed 18-November-2024]"
  }

@misc{gfg,
    title = "Longest Path in a Directed Acyclic Graph",
    author = "Code by Mohit Kumar",
    note = "[Geeks for Geeks (website); accessed 25-november-2024]",
    url = "https://www.geeksforgeeks.org/find-longest-path-directed-acyclic-graph/"
}